@techreport{vergu2015dynsem,
	title={DynSem: A DSL for dynamic semantics specification},
	author={Vergu, Vlad and Neron, Pierre and Visser, Eelco},
	year={2015},
	institution={Delft University of Technology, Software Engineering Research Group}
}

@inproceedings{Black:2012:GAD:2384592.2384601,
	author = {Black, Andrew P. and Bruce, Kim B. and Homer, Michael and Noble, James},
	title = {Grace: The Absence of (Inessential) Difficulty},
	booktitle = {Proceedings of the ACM International Symposium on New Ideas, New Paradigms, and Reflections on Programming and Software},
	series = {Onward! 2012},
	year = {2012},
	isbn = {978-1-4503-1562-3},
	location = {Tucson, Arizona, USA},
	pages = {85--98},
	numpages = {14},
	url = {http://doi.acm.org/10.1145/2384592.2384601},
	doi = {10.1145/2384592.2384601},
	acmid = {2384601},
	publisher = {ACM},
	address = {New York, NY, USA},
	keywords = {grace},
}

@misc{gracelang,
	title = {The Grace Programming Language},
	howpublished = {\url{http://gracelang.org/}},
	note = {Accessed: 29-11-2016}
}

@inproceedings{Wimmer:2012:TSR:2384716.2384723,
	author = {Wimmer, Christian and W\"{u}rthinger, Thomas},
	title = {Truffle: A Self-optimizing Runtime System},
	booktitle = {Proceedings of the 3rd Annual Conference on Systems, Programming, and Applications: Software for Humanity},
	series = {SPLASH '12},
	year = {2012},
	isbn = {978-1-4503-1563-0},
	location = {Tucson, Arizona, USA},
	pages = {13--14},
	numpages = {2},
	url = {http://doi.acm.org/10.1145/2384716.2384723},
	doi = {10.1145/2384716.2384723},
	acmid = {2384723},
	publisher = {ACM},
	address = {New York, NY, USA},
	keywords = {dynamic languages, graal, j, java, javascript, language implementation, truffle, virtual machine},
} 

@inproceedings{Wurthinger:2012:SAI:2384577.2384587,
	author = {W\"{u}rthinger, Thomas and W\"{o}\ss, Andreas and Stadler, Lukas and Duboscq, Gilles and Simon, Doug and Wimmer, Christian},
	title = {Self-optimizing AST Interpreters},
	booktitle = {Proceedings of the 8th Symposium on Dynamic Languages},
	series = {DLS '12},
	year = {2012},
	isbn = {978-1-4503-1564-7},
	location = {Tucson, Arizona, USA},
	pages = {73--82},
	numpages = {10},
	url = {http://doi.acm.org/10.1145/2384577.2384587},
	doi = {10.1145/2384577.2384587},
	acmid = {2384587},
	publisher = {ACM},
	address = {New York, NY, USA},
	keywords = {dynamic languages, java, javascript, language implementation, optimization, virtual machine},
} 

@inproceedings{Wurthinger:2013:OVR:2509578.2509581,
	author = {W\"{u}rthinger, Thomas and Wimmer, Christian and W\"{o}\ss, Andreas and Stadler, Lukas and Duboscq, Gilles and Humer, Christian and Richards, Gregor and Simon, Doug and Wolczko, Mario},
	title = {One VM to Rule Them All},
	booktitle = {Proceedings of the 2013 ACM International Symposium on New Ideas, New Paradigms, and Reflections on Programming \& Software},
	series = {Onward! 2013},
	year = {2013},
	isbn = {978-1-4503-2472-4},
	location = {Indianapolis, Indiana, USA},
	pages = {187--204},
	numpages = {18},
	url = {http://doi.acm.org/10.1145/2509578.2509581},
	doi = {10.1145/2509578.2509581},
	acmid = {2509581},
	publisher = {ACM},
	address = {New York, NY, USA},
	keywords = {dynamic languages, java, javascript, language implementation, optimization, virtual machine},
} 

@misc{minigrace,
	author = {Black, Andrew P.},
	title = {Minigrace: self-hosting compiler for the Grace programming language},
	howpublished = {\url{https://github.com/gracelang/minigrace}},
	note = {Accessed: 29-11-2016}
}

@inproceedings{Kats:2010:SLW:1869459.1869497,
	author = {Kats, Lennart C.L. and Visser, Eelco},
	title = {The Spoofax Language Workbench: Rules for Declarative Specification of Languages and IDEs},
	booktitle = {Proceedings of the ACM International Conference on Object Oriented Programming Systems Languages and Applications},
	series = {OOPSLA '10},
	year = {2010},
	isbn = {978-1-4503-0203-6},
	location = {Reno/Tahoe, Nevada, USA},
	pages = {444--463},
	numpages = {20},
	url = {http://doi.acm.org/10.1145/1869459.1869497},
	doi = {10.1145/1869459.1869497},
	acmid = {1869497},
	publisher = {ACM},
	address = {New York, NY, USA},
	keywords = {IDE, domain-specific language, dsl, eclipse, language workbench, meta-tooling, sdf, sglr, spoofax, stratego},
}

@misc{jvm,
	author = {Lindholm, Tim and Yellin, Frank and Bracha, Gilad and Buckley, Alex},
	title = {The JavaÂ® Virtual Machine Specification: Java SE 8 Edition},
	howpublished = {\url{https://docs.oracle.com/javase/specs/jvms/se8/html/index.html}},
	year = {2015},
	note = {Accessed: 29-11-2016}
}